23:31:18,0,0,0
23:31:19,0,0,0
23:31:19,0,0,0
23:31:19,0,0,0
23:31:19,0,0,0
23:31:19,0,0,0
23:31:19,0,0,0
23:31:19,0,0,0
23:31:19,0,0,0
23:31:20,0,0,0
23:31:20,0,0,0
23:31:20,0,0,0
23:31:20,0,0,0
23:31:20,0,0,0
23:31:20,0,0,0
23:31:20,0,0,0
23:31:20,0,0,0
23:31:20,0,0,0
23:31:21,0,0,0
23:31:21,0,0,0
23:31:21,0,0,0
23:31:21,0,0,0
23:31:21,0,0,0
23:31:21,0,0,0
23:31:21,0,0,0
23:31:21,0,0,0
23:31:21,0,0,0
23:31:22,0,0,0
23:31:22,0,0,0
23:31:22,0,0,0
23:31:22,0,0,0
23:31:22,0,0,0
23:31:22,0,0,0
23:31:22,0,0,0
23:31:22,0,0,0
23:31:23,0,0,0
23:31:23,0,0,0
23:31:23,0,0,0
23:31:23,0,0,0
23:31:23,0,0,0
23:31:23,0,0,0
23:31:23,0,0,0
23:31:23,0,0,0
23:31:23,0,0,0
23:31:24,0,0,0
23:31:24,0,0,0
23:31:24,0,0,0
23:31:24,0,0,0
23:31:24,0,0,0
23:31:24,0,0,0
23:31:24,0,0,0
23:31:24,0,0,0
23:31:24,0,0,0
23:31:25,0,0,0
23:31:25,0,0,0
23:31:25,0,0,0
23:31:25,0,0,0
23:31:25,0,0,0
23:31:25,9.8,0,0
23:31:25,37.2,0,0
23:31:25,37.2,0,0
23:31:25,66.01,0,0
23:31:26,96.33,0,0
23:31:26,96.33,0,0
23:31:26,128.29,0,0
23:31:26,128.29,0,0
23:31:26,162.02,0,0
23:31:26,197.68,0,0
23:31:26,233.72,0,0
23:31:26,235.43,0,0
23:31:26,275.46,0,0
23:31:27,275.46,0,0
23:31:27,318.0,200,0
23:31:27,316.393,200,0
23:31:27,310.469,200,0
23:31:27,350.476,200,0
23:31:27,337.134,200,0
23:31:27,380.726,200,0
23:31:28,376.504,200,0
23:31:28,425.067,200,0
23:31:28,422.64,200,0
23:31:28,475.385,200,0
23:31:28,475.381,200,0
23:31:28,475.381,200,0
23:31:28,474.277,200,0
23:31:28,531.696,200,0
23:31:29,593.618,200,0
23:31:29,661.247,200,0
23:31:29,592.383,200,0
23:31:29,659.539,200,0
23:31:29,659.354,200,0
23:31:29,660.993,200,0
23:31:29,661.575,200,0
23:31:29,661.14,200,0
23:31:29,737.436,200,0
23:31:30,738.993,200,0
23:31:30,824.043,400,0
23:31:30,827.236,400,0
23:31:30,828.282,400,0
23:31:30,920.171,400,0
23:31:30,922.805,400,0
23:31:30,925.105,400,0
23:31:30,925.105,400,0
23:31:30,923.796,400,0
23:31:31,931.287,400,0
23:31:31,1038.147,400,0
23:31:31,1048.916,400,0
23:31:31,1063.326,400,0
23:31:31,1077.964,400,0
23:31:31,1093.942,400,0
23:31:31,1216.556,400,0
23:31:31,1233.025,400,0
23:31:31,1249.106,400,0
23:31:32,1264.404,400,0
23:31:32,1286.062,400,0
23:31:32,1422.527,400,0
23:31:32,1439.207,400,0
23:31:32,1441.725,400,0
23:31:32,1441.725,400,0
23:31:32,1447.985,400,0
23:31:32,1475.997,400,0
23:31:33,1501.447,800,0
23:31:33,1530.137,800,0
23:31:33,1557.981,800,0
23:31:33,1588.81,800,0
23:31:33,1602.155,800,0
23:31:33,1600.903,800,0
23:31:33,1597.128,800,0
23:31:33,1594.418,800,0
23:31:33,1594.146,800,0
23:31:34,1594.146,800,0
23:31:34,1593.707,800,0
23:31:34,1591.964,800,0
23:31:34,1591.13,800,0
23:31:34,1591.128,800,0
23:31:34,1590.836,800,0
23:31:34,1590.509,800,0
23:31:34,1590.508,800,0
23:31:34,1590.505,800,0
23:31:35,1590.856,800,0
23:31:35,1591.04,800,0
23:31:35,1591.04,800,0
23:31:35,1591.39,800,0
23:31:35,1592.623,800,0
23:31:35,1592.694,800,0
23:31:35,1592.695,800,0
23:31:35,1593.924,800,0
23:31:35,1595.511,800,0
23:31:36,1595.511,800,0
23:31:36,1596.499,800,0
23:31:36,1599.318,800,0
23:31:36,1599.425,800,0
23:31:36,1599.428,800,0
23:31:36,1602.219,800,0
23:31:36,1604.523,800,0
23:31:36,1604.523,800,0
23:31:37,1603.314,800,0
23:31:37,1592.055,800,0
23:31:37,1593.708,800,0
23:31:37,1584.539,800,0
23:31:37,1582.7,800,0
23:31:37,1575.911,800,0
23:31:37,1570.375,800,0
23:31:37,1567.646,800,0
23:31:38,1561.615,800,0
23:31:38,1559.937,800,0
23:31:38,1552.756,800,0
23:31:38,1551.883,800,0
23:31:38,1546.117,800,0
23:31:38,1543.772,800,0
23:31:38,1539.98,800,0
23:31:38,1535.561,800,0
23:31:38,1534.365,800,0
23:31:39,1529.349,800,0
23:31:39,1527.882,800,0
23:31:39,1524.791,800,0
23:31:39,1522.061,800,0
23:31:39,1520.821,800,0
23:31:39,1517.44,800,0
23:31:39,1516.776,800,0
23:31:39,1514.589,800,0
23:31:40,1512.961,800,0
23:31:40,1512.297,800,0
23:31:40,1510.852,800,0
23:31:40,1510.489,800,0
23:31:40,1509.292,800,0
23:31:40,1509.174,800,0
23:31:40,1508.629,800,0
23:31:40,1508.507,800,0
23:31:40,1508.527,800,0
23:31:41,1508.847,800,0
23:31:41,1508.994,800,0
23:31:41,1509.977,800,0
23:31:41,1510.26,800,0
23:31:41,1511.544,800,0
23:31:41,1512.661,800,0
23:31:41,1513.641,800,0
23:31:41,1515.807,800,0
23:31:41,1516.293,800,0
23:31:42,1519.442,800,0
23:31:42,1519.748,800,0
23:31:42,1523.197,800,0
23:31:42,1526.015,800,0
23:31:42,1527.481,800,0
23:31:42,1530.682,800,0
23:31:42,1532.186,800,0
23:31:42,1536.298,800,0
23:31:42,1537.38,800,0
23:31:43,1542.649,800,0
23:31:43,1543.491,800,0
23:31:43,1549.557,800,0
23:31:43,1550.95,800,0
23:31:43,1556.394,800,0
23:31:43,1561.297,800,0
23:31:43,1563.605,800,0
23:31:43,1567.91,800,0
23:31:43,1571.295,800,0
23:31:44,1579.403,800,0
23:31:44,1581.21,800,0
23:31:44,1588.048,800,0
23:31:44,1594.191,800,0
23:31:44,1597.057,800,0
23:31:44,1604.411,800,0
23:31:44,1605.356,800,0
23:31:44,1604.704,800,0
23:31:45,1603.537,800,0
23:31:45,1601.688,800,0
23:31:45,1599.361,800,0
23:31:45,1598.918,800,0
23:31:45,1597.109,800,0
23:31:45,1596.401,800,0
23:31:45,1594.298,800,0
23:31:45,1592.462,800,0
23:31:46,1591.138,800,0
23:31:46,1590.9,800,0
23:31:46,1589.806,800,0
23:31:46,1589.409,800,0
23:31:46,1588.958,800,0
23:31:46,1588.61,800,0
23:31:46,1588.452,800,0
23:31:46,1588.273,800,0
23:31:47,1588.264,800,0
23:31:47,1588.402,800,0
23:31:47,1588.537,800,0
23:31:47,1588.879,800,0
23:31:47,1589.559,800,0
23:31:47,1589.68,800,0
23:31:47,1590.793,800,0
23:31:47,1590.985,800,0
23:31:47,1592.246,800,0
23:31:48,1593.382,800,0
23:31:48,1594.016,800,0
23:31:48,1595.729,800,0
23:31:48,1596.128,800,0
23:31:48,1598.101,800,0
23:31:48,1598.515,800,0
23:31:48,1601.277,800,0
23:31:48,1602.007,800,0
23:31:48,1604.286,800,0
23:31:49,1604.835,800,0
23:31:49,1605.36,800,1
23:31:49,1603.116,800,1
23:31:49,1573.959,800,1
23:31:49,1527.957,800,1
23:31:49,1482.693,400,1
23:31:49,1430.74,400,1
23:31:49,1379.176,400,1
23:31:49,1342.2,400,1
23:31:50,1304.487,400,1
23:31:50,1272.061,400,1
23:31:50,1249.238,400,1
23:31:50,1233.158,400,1
23:31:50,1224.09,400,1
23:31:50,1104.956,400,1
23:31:50,1229.977,400,1
23:31:50,1242.473,400,1
23:31:51,1241.113,400,1
23:31:51,1243.652,400,1
23:31:51,1117.292,400,1
23:31:51,1005.919,400,1
23:31:51,1109.296,400,1
23:31:51,1107.936,400,1
23:31:51,1110.868,400,1
23:31:51,1005.627,400,1
23:31:51,1009.182,400,1
23:31:52,917.265,400,1
23:31:52,921.065,400,1
23:31:52,928.691,400,1
23:31:52,932.808,400,1
23:31:52,932.919,400,1
23:31:52,941.05,400,1
23:31:52,949.439,400,1
23:31:52,961.173,400,1
23:31:52,885.442,400,1
23:31:53,818.2,400,1
23:31:53,833.84,400,1
23:31:53,849.939,400,1
23:31:53,866.948,400,1
23:31:53,803.083,400,1
23:31:53,803.299,400,1
23:31:53,806.129,400,1
23:31:53,823.179,400,1
23:31:53,841.605,400,1
23:31:54,863.479,400,1
23:31:54,750.84,400,1
23:31:54,771.652,400,1
23:31:54,791.327,400,1
23:31:54,807.689,400,1
23:31:54,754.953,400,1
23:31:54,761.77,400,1
23:31:54,788.547,400,1
23:31:55,817.197,400,1
23:31:55,735.932,200,1
23:31:55,732.373,200,1
23:31:55,732.822,200,1
23:31:55,680.062,200,1
23:31:55,680.56,200,1
23:31:55,635.12,200,1
23:31:55,634.798,200,1
23:31:56,589.536,200,1
23:31:56,590.717,200,1
23:31:56,549.984,200,1
23:31:56,510.016,200,1
23:31:56,510.99,200,1
23:31:56,473.29,200,1
23:31:56,472.969,200,1
23:31:56,439.349,200,1
23:31:57,408.578,200,1
23:31:57,406.854,200,1
23:31:57,376.225,200,1
23:31:57,377.02,200,1
23:31:57,347.899,200,1
23:31:57,319.261,200,1
23:31:57,319.096,200,1
23:31:57,293.847,0,1
23:31:57,245.112,0,1
23:31:58,244.294,0,1
23:31:58,221.666,0,1
23:31:58,200.077,0,1
23:31:58,179.354,0,1
23:31:58,180.004,0,1
23:31:58,159.464,0,1
23:31:58,160.074,0,1
23:31:58,160.074,0,1
23:31:58,160.074,0,1
23:31:59,160.074,0,1
23:31:59,160.074,0,1
23:31:59,160.074,0,1
23:31:59,160.074,0,1
23:31:59,160.074,0,1
23:31:59,160.074,0,1
23:31:59,160.074,0,1
23:31:59,160.074,0,1
23:31:59,160.074,0,1
23:32:00,160.074,0,1
23:32:00,160.074,0,1
23:32:00,160.074,0,1
23:32:00,160.074,0,1
23:32:00,160.074,0,1
23:32:00,160.074,0,1
23:32:00,160.074,0,1
23:32:00,160.074,0,1
23:32:00,160.074,0,1
23:32:01,160.074,0,1
23:32:01,160.074,0,1
23:32:01,160.074,0,1
23:32:01,160.074,0,1
23:32:01,160.074,0,1
23:32:01,160.074,0,1
23:32:01,180.004,0,1
23:32:01,222.504,0,1
23:32:02,245.204,0,1
23:32:02,268.964,0,1
23:32:02,293.854,0,1
23:32:02,292.944,0,1
23:32:02,347.354,200,1
23:32:02,347.383,200,1
23:32:02,376.317,200,1
23:32:02,376.521,200,1
23:32:02,407.105,200,1
23:32:03,439.397,200,1
23:32:03,472.017,200,1
23:32:03,472.414,200,1
23:32:03,510.023,200,1
23:32:03,510.532,200,1
23:32:03,509.583,200,1
23:32:03,549.519,200,1
23:32:03,550.281,200,1
23:32:03,633.041,200,1
23:32:04,633.04,200,1
23:32:04,632.239,200,1
23:32:04,676.313,200,1
23:32:04,674.895,200,1
23:32:04,673.712,200,1
23:32:04,773.498,400,1
23:32:04,772.354,400,1
23:32:05,825.637,400,1
23:32:05,824.854,400,1
23:32:05,824.086,400,1
23:32:05,823.383,400,1
23:32:05,882.177,400,1
23:32:05,881.929,400,1
23:32:05,880.403,400,1
23:32:05,937.755,400,1
23:32:05,867.259,400,1
23:32:06,992.533,400,1
23:32:06,986.324,400,1
23:32:06,980.889,400,1
23:32:06,976.825,400,1
23:32:06,971.176,400,1
23:32:06,1040.113,400,1
23:32:06,1039.563,400,1
23:32:06,1039.563,400,1
23:32:06,1040.243,400,1
23:32:07,1116.036,400,1
23:32:07,1111.776,400,1
23:32:07,1196.965,400,1
23:32:07,1196.026,400,1
23:32:07,1193.543,400,1
23:32:07,1188.917,400,1
23:32:07,1187.461,400,1
23:32:07,1187.357,400,1
23:32:07,1284.036,400,1
23:32:08,1285.023,400,1
23:32:08,1283.935,400,1
23:32:08,1283.262,400,1
23:32:08,1283.045,400,1
23:32:08,1280.765,400,1
23:32:08,1390.623,400,1
23:32:08,1390.797,400,1
23:32:08,1391.701,400,1
23:32:08,1393.01,400,1
23:32:09,1394.709,400,1
23:32:09,1397.029,400,1
23:32:09,1290.816,400,1
23:32:09,1397.916,400,1
23:32:09,1291.393,400,1
23:32:09,1294.095,400,1
23:32:09,1296.971,400,1
23:32:09,1300.433,400,1
23:32:09,1411.369,400,1
23:32:10,1413.812,400,1
23:32:10,1306.716,400,1
23:32:10,1414.453,400,1
23:32:10,1311.316,400,1
23:32:10,1316.112,400,1
23:32:10,1321.448,400,1
23:32:10,1326.962,400,1
23:32:10,1438.024,400,1
23:32:11,1330.924,400,1
23:32:11,1331.555,400,1
23:32:11,1337.267,400,1
23:32:11,1343.707,400,1
23:32:11,1457.573,400,1
23:32:11,1357.564,400,1
23:32:11,1360.155,400,1
23:32:11,1362.578,400,1
23:32:11,1363.026,400,1
23:32:12,1368.816,400,1
23:32:12,1373.42,400,1
23:32:12,1376.218,400,1
23:32:12,1375.403,400,1
23:32:12,1370.686,400,1
23:32:12,1371.218,400,1
23:32:12,1370.789,400,1
23:32:12,1369.049,400,1
23:32:12,1367.309,400,1
23:32:13,1364.572,400,1
23:32:13,1364.617,400,1
23:32:13,1364.336,400,1
23:32:13,1364.151,400,1
23:32:13,1470.608,400,1
23:32:13,1363.074,400,1
23:32:13,1362.982,400,1
23:32:14,1360.45,400,1
23:32:14,1362.795,400,1
23:32:14,1362.918,400,1
23:32:14,1362.938,400,1
23:32:14,1363.334,400,1
23:32:14,1470.994,400,1
23:32:14,1361.781,400,1
23:32:14,1364.453,400,1
23:32:14,1363.067,400,1
23:32:15,1366.605,400,1
23:32:15,1474.027,400,1
23:32:15,1368.384,400,1
23:32:15,1369.967,400,1
23:32:15,1370.658,400,1
23:32:15,1371.521,400,1
23:32:15,1373.631,400,1
23:32:15,1375.728,400,1
23:32:15,1480.098,400,1
23:32:16,1378.165,400,2
23:32:16,1379.89,400,2
23:32:16,1379.89,400,2
23:32:16,1379.331,400,2
23:32:16,1362.914,400,2
23:32:16,1341.982,400,2
23:32:16,1314.725,400,2
23:32:16,1289.452,400,2
23:32:16,1266.237,400,2
23:32:17,1239.888,400,2
23:32:17,1217.545,400,2
23:32:17,1301.216,400,2
23:32:17,1170.669,400,2
23:32:17,1147.431,400,2
23:32:17,1126.085,400,2
23:32:17,1106.636,400,2
23:32:17,1086.032,400,2
23:32:18,1071.616,400,2
23:32:18,1057.29,400,2
23:32:18,1043.353,400,2
23:32:18,1030.635,400,2
23:32:18,1019.427,400,2
23:32:18,1011.903,400,2
23:32:18,1002.22,400,2
23:32:18,997.132,400,2
23:32:18,996.403,400,2
23:32:19,995.231,400,2
23:32:19,993.84,400,2
23:32:19,999.311,400,2
23:32:19,1004.38,400,2
23:32:19,1010.662,400,2
23:32:19,1011.9,400,2
23:32:19,1011.363,400,2
23:32:19,1114.577,400,2
23:32:19,1002.329,400,2
23:32:20,1003.584,400,2
23:32:20,1001.587,400,2
23:32:20,1006.265,400,2
23:32:20,1011.703,400,2
23:32:20,1017.347,400,2
23:32:20,1024.952,400,2
23:32:20,1031.376,400,2
23:32:20,1044.429,400,2
23:32:21,1056.928,400,2
23:32:21,1069.473,400,2
23:32:21,1082.272,400,2
23:32:21,1096.043,400,2
23:32:21,1113.585,400,2
23:32:21,1134.681,400,2
23:32:21,1152.44,400,2
23:32:21,1168.221,400,2
23:32:21,1169.499,400,2
23:32:22,1171.059,400,2
23:32:22,1190.039,400,2
23:32:22,1222.399,400,2
23:32:22,1253.84,400,2
23:32:22,1332.286,400,2
23:32:22,1359.918,400,2
23:32:22,1374.254,400,2
23:32:23,1374.287,400,2
23:32:23,1373.734,400,2
23:32:23,1371.625,400,2
23:32:23,1367.638,400,2
23:32:23,1368.876,400,2
23:32:23,1367.73,400,2
23:32:23,1366.763,400,2
23:32:23,1363.96,400,2
23:32:24,1366.228,400,2
23:32:24,1363.154,400,2
23:32:24,1365.212,400,2
23:32:24,1365.042,400,2
23:32:24,1365.098,400,2
23:32:24,1365.154,400,2
23:32:24,1365.154,400,2
23:32:24,1365.237,400,2
23:32:24,1363.214,400,2
23:32:25,1366.222,400,2
23:32:25,1367.056,400,2
23:32:25,1368.057,400,2
23:32:25,1368.462,400,2
23:32:25,1366.042,400,2
23:32:25,1368.866,400,2
23:32:25,1370.212,400,2
23:32:25,1371.754,400,2
23:32:25,1373.373,400,2
23:32:26,1375.302,400,2
23:32:26,1376.359,400,2
23:32:26,1376.359,400,2
23:32:26,1374.663,400,2
23:32:26,1367.648,400,2
23:32:26,1368.321,400,2
23:32:26,1368.218,400,2
23:32:26,1361.723,400,2
23:32:27,1351.053,400,2
23:32:27,1350.441,400,2
23:32:27,1348.248,400,2
23:32:27,1341.419,400,2
23:32:27,1334.809,400,2
23:32:27,1334.204,400,2
23:32:27,1326.89,400,2
23:32:27,1323.94,400,2
23:32:27,1320.647,400,2
23:32:28,1318.984,400,2
23:32:28,1313.722,400,2
23:32:28,1309.077,400,2
23:32:28,1308.886,400,2
23:32:28,1305.267,400,2
23:32:28,1298.472,400,2
23:32:28,1299.321,400,2
23:32:28,1297.853,400,2
23:32:28,1294.108,400,2
23:32:29,1291.962,400,2
23:32:29,1291.738,400,2
23:32:29,1396.537,400,2
23:32:29,1512.665,800,2
23:32:29,1512.284,800,2
23:32:29,1506.981,800,2
23:32:29,1509.285,800,2
23:32:29,1509.285,800,2
23:32:30,1508.987,800,2
23:32:30,1508.512,800,2
23:32:30,1508.527,800,2
23:32:30,1508.526,800,2
23:32:30,1509.184,800,2
23:32:30,1509.977,800,2
23:32:30,1509.977,800,2
23:32:30,1510.551,800,2
23:32:30,1513.185,800,2
23:32:31,1513.641,800,2
23:32:31,1513.644,800,2
23:32:31,1517.217,800,2
23:32:31,1519.442,800,2
23:32:31,1519.442,800,2
23:32:31,1521.342,800,2
23:32:31,1527.322,800,2
23:32:32,1527.502,800,2
23:32:32,1533.873,800,2
23:32:32,1537.38,800,2
23:32:32,1537.38,800,2
23:32:32,1541.434,800,2
23:32:32,1549.557,800,2
23:32:32,1549.557,800,2
23:32:32,1549.704,800,2
23:32:33,1559.863,800,2
23:32:33,1563.605,800,2
23:32:33,1563.605,800,2
23:32:33,1568.605,800,2
23:32:33,1579.19,800,2
23:32:33,1579.407,800,2
23:32:33,1579.595,800,2
23:32:33,1593.542,800,2
23:32:33,1597.057,800,2
23:32:34,1597.057,800,2
23:32:34,1603.071,800,2
23:32:34,1604.556,800,2
23:32:34,1601.688,800,2
23:32:34,1600.471,800,2
23:32:34,1598.918,800,2
23:32:34,1596.974,800,2
23:32:34,1596.429,800,2
23:32:34,1594.412,800,2
23:32:35,1594.278,800,2
23:32:35,1592.462,800,2
23:32:35,1591.975,800,2
23:32:35,1590.964,800,2
23:32:35,1590.293,800,2
23:32:35,1589.806,800,2
23:32:35,1589.001,800,2
23:32:35,1588.95,800,2
23:32:36,1588.452,800,2
23:32:36,1588.416,800,2
23:32:36,1588.266,800,2
23:32:36,1588.312,800,2
23:32:36,1588.402,800,2
23:32:36,1588.706,800,2
23:32:36,1588.879,800,2
23:32:36,1589.515,800,2
23:32:36,1589.711,800,2
23:32:37,1590.793,800,2
23:32:37,1590.985,800,2
23:32:37,1592.246,800,2
23:32:37,1593.491,800,2
23:32:37,1594.016,800,2
23:32:37,1595.832,800,2
23:32:37,1596.155,800,2
23:32:37,1598.483,800,2
23:32:37,1598.598,800,2
23:32:38,1601.277,800,2
23:32:38,1602.909,800,2
23:32:38,1604.286,800,2
23:32:38,1605.317,800,2
23:32:38,1605.36,800,3
23:32:38,1603.116,800,3
23:32:38,1559.788,800,3
23:32:38,1513.916,800,3
23:32:38,1460.573,400,3
23:32:39,1414.64,400,3
23:32:39,1371.789,400,3
23:32:39,1328.994,400,3
23:32:39,1298.786,400,3
23:32:39,1269.311,400,3
23:32:39,1246.514,400,3
23:32:39,1230.636,400,3
23:32:39,1223.213,400,3
23:32:40,1223.326,400,3
23:32:40,1227.495,400,3
23:32:40,1242.729,400,3
23:32:40,1244.383,400,3
23:32:40,1122.472,400,3
23:32:40,1120.298,400,3
23:32:40,1112.356,400,3
23:32:40,1002.665,400,3
23:32:40,1110.767,400,3
23:32:41,1110.835,400,3
23:32:41,1010.742,400,3
23:32:41,918.302,400,3
23:32:41,923.658,400,3
23:32:41,931.358,400,3
23:32:41,932.824,400,3
23:32:41,934.934,400,3
23:32:41,934.002,400,3
23:32:42,942.911,400,3
23:32:42,865.265,400,3
23:32:42,795.286,400,3
23:32:42,809.554,400,3
23:32:42,824.004,400,3
23:32:42,841.197,400,3
23:32:42,782.949,400,3
23:32:42,801.16,400,3
23:32:43,803.299,400,3
23:32:43,803.39,400,3
23:32:43,814.537,400,3
23:32:43,835.385,400,3
23:32:43,788.009,400,3
23:32:43,744.242,400,3
23:32:43,769.401,400,3
23:32:43,792.087,400,3
23:32:43,752.549,400,3
23:32:44,754.953,400,3
23:32:44,757.223,400,3
23:32:44,789.779,400,3
23:32:44,760.069,400,3
23:32:44,730.575,200,3
23:32:44,735.932,200,3
23:32:44,685.166,200,3
23:32:44,686.362,200,3
23:32:45,685.141,200,3
23:32:45,638.797,200,3
23:32:45,635.639,200,3
23:32:45,636.836,200,3
23:32:45,553.325,200,3
23:32:45,550.847,200,3
23:32:45,552.55,200,3
23:32:45,514.608,200,3
23:32:45,512.245,200,3
23:32:46,475.959,200,3
23:32:46,476.719,200,3
23:32:46,409.142,200,3
23:32:46,408.578,200,3
23:32:46,377.723,200,3
23:32:46,378.256,200,3
23:32:46,347.95,200,3
23:32:46,347.512,200,3
23:32:46,320.798,200,3
23:32:47,268.677,0,3
23:32:47,293.448,0,3
23:32:47,244.918,0,3
23:32:47,223.008,0,3
23:32:47,223.008,0,3
23:32:47,200.608,0,3
23:32:47,179.858,0,3
23:32:47,180.508,0,3
23:32:48,159.968,0,3
23:32:48,159.968,0,3
23:32:48,159.968,0,3
23:32:48,159.968,0,3
23:32:48,159.968,0,3
23:32:48,159.968,0,3
23:32:48,159.968,0,3
23:32:48,159.968,0,3
23:32:48,159.968,0,3
23:32:49,159.968,0,3
23:32:49,159.968,0,3
23:32:49,160.578,0,3
23:32:49,160.578,0,3
23:32:49,159.968,0,3
23:32:49,160.578,0,3
23:32:49,159.968,0,3
23:32:49,160.578,0,3
23:32:49,159.968,0,3
23:32:50,159.968,0,3
23:32:50,159.968,0,3
23:32:50,159.968,0,3
23:32:50,159.968,0,3
23:32:50,159.968,0,3
23:32:50,160.578,0,3
23:32:50,160.578,0,3
23:32:51,180.508,0,3
23:32:51,223.008,0,3
23:32:51,245.708,0,3
23:32:51,269.468,0,3
23:32:51,293.448,0,3
23:32:51,320.458,200,3
23:32:51,347.769,200,3
23:32:51,347.564,200,3
23:32:51,375.062,200,3
23:32:52,406.41,200,3
23:32:52,406.364,200,3
23:32:52,438.336,200,3
23:32:52,472.13,200,3
23:32:52,507.899,200,3
23:32:52,506.499,200,3
23:32:52,546.021,200,3
23:32:52,546.336,200,3
23:32:52,546.632,200,3
23:32:53,629.577,200,3
23:32:53,630.043,200,3
23:32:53,628.52,200,3
23:32:53,631.066,200,3
23:32:53,676.739,200,3
23:32:53,676.643,200,3
23:32:53,723.312,200,3
23:32:53,721.312,200,3
23:32:54,719.721,200,3
23:32:54,769.534,400,3
23:32:54,823.139,400,3
23:32:54,821.81,400,3
23:32:54,820.416,400,3
23:32:54,878.545,400,3
23:32:54,878.615,400,3
23:32:54,876.471,400,3
23:32:54,875.396,400,3
23:32:55,874.614,400,3
23:32:55,1008.249,400,3
23:32:55,1006.277,400,3
23:32:55,1006.281,400,3
23:32:55,1006.116,400,3
23:32:55,1002.208,400,3
23:32:55,994.578,400,3
23:32:55,1063.032,400,3
23:32:55,1057.073,400,3
23:32:56,1051.293,400,3
23:32:56,1046.088,400,3
23:32:56,1040.768,400,3
23:32:56,1118.088,400,3
23:32:56,1113.613,400,3
23:32:56,1200.607,400,3
23:32:56,1198.155,400,3
23:32:56,1198.024,400,3
23:32:56,1195.012,400,3
23:32:57,1191.95,400,3
23:32:57,1287.013,400,3
23:32:57,1287.385,400,3
23:32:57,1285.724,400,3
23:32:57,1284.467,400,3
23:32:57,1283.619,400,3
23:32:57,1280.711,400,3
23:32:57,1390.141,400,3
23:32:57,1390.157,400,3
23:32:58,1390.156,400,3
23:32:58,1390.344,400,3
23:32:58,1509.464,800,3
23:32:58,1510.579,800,3
23:32:58,1512.055,800,3
23:32:58,1513.698,800,3
23:32:58,1516.164,800,3
23:32:58,1518.759,800,3
23:32:59,1519.444,800,3
23:32:59,1404.122,400,3
23:32:59,1528.278,800,3
23:32:59,1539.59,800,3
23:32:59,1539.992,800,3
23:32:59,1543.262,800,3
23:32:59,1424.677,400,3
23:32:59,1555.029,800,3
23:33:00,1445.235,400,3
23:33:00,1564.117,800,3
23:33:00,1449.826,400,3
23:33:00,1577.358,800,3
23:33:00,1576.137,800,3
23:33:00,1586.575,800,3
23:33:00,1593.762,800,3
23:33:00,1593.787,800,3
23:33:00,1593.88,800,3
23:33:01,1604.704,800,3
23:33:01,1603.909,800,3
23:33:01,1480.508,400,3
23:33:01,1596.865,800,3
23:33:01,1598.906,800,3
23:33:01,1593.158,800,3
23:33:01,1592.823,800,3
23:33:01,1473.118,400,3
23:33:01,1472.71,400,3
23:33:02,1471.314,400,3
23:33:02,1589.192,800,3
23:33:02,1589.177,800,3
23:33:02,1587.178,800,3
23:33:02,1586.536,800,3
23:33:02,1586.536,800,3
23:33:02,1586.264,800,3
23:33:02,1585.264,800,3
23:33:03,1585.182,800,3
23:33:03,1470.082,400,3
23:33:03,1585.012,800,3
23:33:03,1585.129,800,3
23:33:03,1585.132,800,3
23:33:03,1585.178,800,3
23:33:03,1586.17,800,3
23:33:03,1468.491,400,3
23:33:03,1468.491,400,3
23:33:04,1586.688,800,3
23:33:04,1469.936,400,3
23:33:04,1471.038,400,3
23:33:04,1592.311,800,3
23:33:04,1593.568,800,3
23:33:04,1474.392,400,3
23:33:04,1592.858,800,3
23:33:04,1475.526,400,3
23:33:04,1477.921,400,3
23:33:05,1597.807,800,3
23:33:05,1598.25,800,3
23:33:05,1484.18,400,4
23:33:05,1602.011,800,4
23:33:05,1595.401,800,4
23:33:05,1567.774,800,4
23:33:05,1542.062,800,4
23:33:05,1519.142,800,4
23:33:05,1492.088,800,4
23:33:06,1351.835,400,4
23:33:06,1449.42,400,4
23:33:06,1423.155,400,4
23:33:06,1401.799,400,4
23:33:06,1378.664,400,4
23:33:06,1356.742,400,4
23:33:06,1337.366,400,4
23:33:06,1317.281,400,4
23:33:07,1303.733,400,4
23:33:07,1167.088,400,4
23:33:07,1044.956,400,4
23:33:07,1141.013,400,4
23:33:07,1022.295,400,4
23:33:07,1015.635,400,4
23:33:07,1008.299,400,4
23:33:07,905.562,400,4
23:33:07,899.39,400,4
23:33:08,897.704,400,4
23:33:08,902.797,400,4
23:33:08,907.814,400,4
23:33:08,917.934,400,4
23:33:08,919.409,400,4
23:33:08,919.443,400,4
23:33:08,749.533,400,4
23:33:09,748.193,400,4
23:33:09,743.237,400,4
23:33:09,738.957,200,4
23:33:09,660.846,200,4
23:33:09,661.001,200,4
23:33:09,659.679,200,4
23:33:09,661.668,200,4
23:33:09,665.048,200,4
23:33:09,669.886,200,4
23:33:10,543.939,200,4
23:33:10,550.259,200,4
23:33:10,560.212,200,4
23:33:10,570.567,200,4
23:33:10,521.913,200,4
23:33:10,534.137,200,4
23:33:10,547.924,200,4
23:33:10,505.824,200,4
23:33:10,525.064,200,4
23:33:11,490.322,200,4
23:33:11,506.747,200,4
23:33:11,471.151,200,4
23:33:11,477.779,200,4
23:33:11,477.779,200,4
23:33:11,434.377,200,4
23:33:11,445.105,200,4
23:33:11,462.136,200,4
23:33:11,432.406,200,4
23:33:12,408.57,200,4
23:33:12,423.548,200,4
23:33:12,398.797,200,4
23:33:12,416.073,200,4
23:33:12,397.245,200,4
23:33:12,412.019,200,4
23:33:12,361.466,200,4
23:33:12,376.253,200,4
23:33:13,359.732,200,4
23:33:13,375.571,200,4
23:33:13,353.27,200,4
23:33:13,353.269,200,4
23:33:13,326.483,200,4
23:33:13,298.6,0,4
23:33:13,273.035,0,4
23:33:13,249.424,0,4
23:33:13,226.023,0,4
23:33:14,225.418,0,4
23:33:14,202.491,0,4
23:33:14,181.266,0,4
23:33:14,202.285,0,4
23:33:14,160.578,0,4
23:33:14,160.856,0,4
23:33:14,159.965,0,4
23:33:14,159.744,0,4
23:33:14,159.563,0,4
23:33:15,159.438,0,4
23:33:15,159.979,0,4
23:33:15,159.35,0,4
23:33:15,159.997,0,4
23:33:15,159.472,0,4
23:33:15,160.226,0,4
23:33:15,160.412,0,4
23:33:15,159.88,0,4
23:33:15,160.49,0,4
23:33:16,160.49,0,4
23:33:16,160.49,0,4
23:33:16,160.49,0,4
23:33:16,160.49,0,4
23:33:16,159.88,0,4
23:33:16,159.88,0,4
23:33:16,160.49,0,4
23:33:16,159.88,0,4
23:33:16,160.49,0,4
23:33:17,160.49,0,4
23:33:17,160.49,0,4
23:33:17,160.49,0,4
23:33:17,160.49,0,4
23:33:17,160.49,0,4
23:33:17,160.49,0,4
23:33:17,180.42,0,4
23:33:18,222.92,0,4
23:33:18,222.92,0,4
23:33:18,245.62,0,4
23:33:18,269.38,0,4
23:33:18,293.36,0,4
23:33:18,347.77,200,4
23:33:18,347.877,200,4
23:33:18,375.792,200,4
23:33:18,407.618,200,4
23:33:19,408.04,200,4
23:33:19,440.404,200,4
23:33:19,472.804,200,4
23:33:19,508.334,200,4
23:33:19,510.069,200,4
23:33:19,510.614,200,4
23:33:19,548.955,200,4
23:33:19,549.578,200,4
23:33:19,632.743,200,4
23:33:20,633.481,200,4
23:33:20,632.199,200,4
23:33:20,635.095,200,4
23:33:20,681.178,200,4
23:33:20,682.071,200,4
23:33:20,682.229,200,4
23:33:20,728.964,200,4
23:33:20,726.117,200,4
23:33:21,775.964,400,4
23:33:21,772.753,400,4
23:33:21,825.902,400,4
23:33:21,824.909,400,4
23:33:21,822.549,400,4
23:33:21,822.549,400,4
23:33:21,882.852,400,4
23:33:21,875.673,400,4
23:33:21,867.641,400,4
23:33:22,925.747,400,4
23:33:22,988.683,400,4
23:33:22,981.14,400,4
23:33:22,976.529,400,4
23:33:22,975.256,400,4
23:33:22,971.641,400,4
23:33:22,1039.754,400,4
23:33:22,1035.139,400,4
23:33:23,1032.74,400,4
23:33:23,1031.571,400,4
23:33:23,1111.211,400,4
23:33:23,1199.036,400,4
23:33:23,1195.784,400,4
23:33:23,1195.179,400,4
23:33:23,1192.394,400,4
23:33:23,1188.18,400,4
23:33:23,1187.357,400,4
23:33:24,1187.357,400,4
23:33:24,1286.285,400,4
23:33:24,1284.88,400,4
23:33:24,1283.867,400,4
23:33:24,1283.252,400,4
23:33:24,1283.028,400,4
23:33:24,1283.057,400,4
23:33:24,1390.157,400,4
23:33:24,1390.222,400,4
23:33:25,1505.781,800,4
23:33:25,1509.987,800,4
23:33:25,1511.422,800,4
23:33:25,1513.114,800,4
23:33:25,1513.641,800,4
23:33:25,1510.371,800,4
23:33:25,1514.883,800,4
23:33:25,1521.39,800,4
23:33:26,1526.906,800,4
23:33:26,1527.488,800,4
23:33:26,1533.555,800,4
23:33:26,1537.38,800,4
23:33:26,1537.406,800,4
23:33:26,1545.072,800,4
23:33:26,1549.557,800,4
23:33:26,1549.557,800,4
23:33:27,1551.252,800,4
23:33:27,1562.431,800,4
23:33:27,1563.605,800,4
23:33:27,1563.605,800,4
23:33:27,1568.605,800,4
23:33:27,1579.387,800,4
23:33:27,1579.407,800,4
23:33:27,1580.562,800,4
23:33:27,1592.38,800,4
23:33:28,1597.057,800,4
23:33:28,1597.15,800,4
23:33:28,1604.704,800,4
23:33:28,1603.909,800,4
23:33:28,1601.688,800,4
23:33:28,1599.242,800,4
23:33:28,1598.89,800,4
23:33:28,1593.159,800,4
23:33:29,1596.093,800,4
23:33:29,1591.028,800,4
23:33:29,1589.998,800,4
23:33:29,1589.192,800,4
23:33:29,1587.868,800,4
23:33:29,1587.677,800,4
23:33:29,1586.536,800,4
23:33:29,1589.664,800,4
23:33:29,1585.688,800,4
23:33:30,1585.426,800,4
23:33:30,1588.452,800,4
23:33:30,1588.286,800,4
23:33:30,1584.996,800,4
23:33:30,1585.132,800,4
23:33:30,1585.218,800,4
23:33:30,1588.879,800,4
23:33:30,1586.152,800,4
23:33:31,1586.401,800,4
23:33:31,1587.307,800,4
23:33:31,1587.536,800,4
23:33:31,1588.976,800,4
23:33:31,1589.385,800,4
23:33:31,1590.746,800,4
23:33:31,1595.493,800,4
23:33:31,1596.128,800,4
23:33:31,1598.357,800,4
23:33:32,1595.328,800,4
23:33:32,1598.007,800,4
23:33:32,1598.915,800,4
23:33:32,1604.286,800,4
23:33:32,1601.91,800,4
23:33:32,1602.09,800,5
23:33:32,1600.282,800,5
23:33:32,1565.388,800,5
23:33:32,1515.902,800,5
23:33:33,1470.728,400,5
23:33:33,1420.987,400,5
23:33:33,1377.402,400,5
23:33:33,1343.01,400,5
23:33:33,1303.549,400,5
23:33:33,1273.533,400,5
23:33:33,1249.563,400,5
23:33:33,1235.513,400,5
23:33:33,1221.814,400,5
23:33:34,1222.814,400,5
23:33:34,1229.597,400,5
23:33:34,1119.737,400,5
23:33:34,1126.013,400,5
23:33:34,1122.745,400,5
23:33:34,1011.175,400,5
23:33:34,1006.056,400,5
23:33:34,1112.429,400,5
23:33:35,1003.776,400,5
23:33:35,906.326,400,5
23:33:35,907.764,400,5
23:33:35,908.597,400,5
23:33:35,913.023,400,5
23:33:35,918.882,400,5
23:33:35,932.824,400,5
23:33:35,934.934,400,5
23:33:36,844.695,400,5
23:33:36,940.721,400,5
23:33:36,861.596,400,5
23:33:36,792.587,400,5
23:33:36,805.625,400,5
23:33:36,743.942,400,5
23:33:36,759.06,400,5
23:33:36,775.755,400,5
23:33:36,792.799,400,5
23:33:37,803.248,400,5
23:33:37,803.299,400,5
23:33:37,736.058,200,5
23:33:37,690.199,200,5
23:33:37,711.399,200,5
23:33:37,731.212,200,5
23:33:37,692.195,200,5
23:33:37,713.022,200,5
23:33:38,734.232,200,5
23:33:38,753.83,400,5
23:33:38,699.653,200,5
23:33:38,657.364,200,5
23:33:38,682.869,200,5
23:33:38,711.199,200,5
23:33:38,684.775,200,5
23:33:38,687.642,200,5
23:33:38,687.306,200,5
23:33:39,640.799,200,5
23:33:39,639.663,200,5
23:33:39,594.209,200,5
23:33:39,554.944,200,5
23:33:39,516.251,200,5
23:33:39,513.785,200,5
23:33:39,514.8,200,5
23:33:39,479.132,200,5
23:33:40,477.053,200,5
23:33:40,442.655,200,5
23:33:40,443.188,200,5
23:33:40,410.526,200,5
23:33:40,378.507,200,5
23:33:40,377.877,200,5
23:33:40,349.723,200,5
23:33:40,321.812,200,5
23:33:40,294.41,0,5
23:33:41,269.205,0,5
23:33:41,245.958,0,5
23:33:41,244.931,0,5
23:33:41,222.268,0,5
23:33:41,200.608,0,5
23:33:41,179.858,0,5
23:33:41,159.968,0,5
23:33:41,159.968,0,5
23:33:41,160.578,0,5
23:33:42,140.898,0,5
23:33:42,159.968,0,5
23:33:42,140.898,0,5
23:33:42,140.898,0,5
23:33:42,159.968,0,5
23:33:42,159.968,0,5
23:33:42,160.578,0,5
23:33:42,160.578,0,5
23:33:42,141.468,0,5
23:33:43,160.578,0,5
23:33:43,141.468,0,5
23:33:43,160.578,0,5
23:33:43,160.578,0,5
23:33:43,160.578,0,5
23:33:43,141.468,0,5
23:33:43,160.578,0,5
23:33:43,160.578,0,5
23:33:44,160.578,0,5
23:33:44,160.578,0,5
23:33:44,160.578,0,5
23:33:44,159.968,0,5
23:33:44,141.468,0,5
23:33:44,160.578,0,5
23:33:44,160.578,0,5
23:33:44,160.578,0,5
23:33:45,180.508,0,5
23:33:45,245.708,0,5
23:33:45,245.708,0,5
23:33:45,294.358,0,5
23:33:45,320.458,200,5
23:33:45,347.788,200,5
23:33:45,347.547,200,5
23:33:45,376.199,200,5
23:33:46,376.105,200,5
23:33:46,406.372,200,5
23:33:46,436.997,200,5
23:33:46,437.042,200,5
23:33:46,472.201,200,5
23:33:46,508.01,200,5
23:33:46,508.237,200,5
23:33:46,506.915,200,5
23:33:46,546.518,200,5
23:33:47,546.909,200,5
23:33:47,629.889,200,5
23:33:47,630.219,200,5
23:33:47,630.224,200,5
23:33:47,630.116,200,5
23:33:47,675.061,200,5
23:33:47,674.745,200,5
23:33:47,722.812,200,5
23:33:47,722.64,200,5
23:33:48,722.523,200,5
23:33:48,829.379,400,5
23:33:48,829.395,400,5
23:33:48,830.485,400,5
23:33:48,829.574,400,5
23:33:48,889.127,400,5
23:33:48,890.502,400,5
23:33:48,889.662,400,5
23:33:48,890.06,400,5
23:33:49,890.564,400,5
23:33:49,956.235,400,5
23:33:49,1024.161,400,5
23:33:49,1023.842,400,5
23:33:49,1019.565,400,5
23:33:49,1012.593,400,5
23:33:49,1078.761,400,5
23:33:49,1071.221,400,5
23:33:50,1064.126,400,5
23:33:50,1060.369,400,5
23:33:50,1053.885,400,5
23:33:50,1128.799,400,5
23:33:50,1212.845,400,5
23:33:50,1210.371,400,5
23:33:50,1206.175,400,5
23:33:50,1202.741,400,5
23:33:50,1199.851,400,5
23:33:51,1199.851,400,5
23:33:51,1198.636,400,5
23:33:51,1294.866,400,5
23:33:51,1292.109,400,5
23:33:51,1289.626,400,5
23:33:51,1287.473,400,5
23:33:51,1285.796,400,5
23:33:51,1284.552,400,5
23:33:51,1390.749,400,5
23:33:52,1390.216,400,5
23:33:52,1505.245,800,5
23:33:52,1505.257,800,5
23:33:52,1508.527,800,5
23:33:52,1508.584,800,5
23:33:52,1509.624,800,5
23:33:52,1512.923,800,5
23:33:52,1517.597,800,5
23:33:52,1522.88,800,5
23:33:53,1523.197,800,5
23:33:53,1523.197,800,5
23:33:53,1524.224,800,5
23:33:53,1531.886,800,5
23:33:53,1540.908,800,5
23:33:53,1543.398,800,5
23:33:53,1552.832,800,5
23:33:54,1556.394,800,5
23:33:54,1556.394,800,5
23:33:54,1560.212,800,5
23:33:54,1571.22,800,5
23:33:54,1571.22,800,5
23:33:54,1572.313,800,5
23:33:54,1584.627,800,5
23:33:54,1588.048,800,5
23:33:54,1588.048,800,5
23:33:55,1594.035,800,5
23:33:55,1605.362,800,5
23:33:55,1605.362,800,5
23:33:55,1604.94,800,5
23:33:55,1601.688,800,5
23:33:55,1600.132,800,5
23:33:55,1598.918,800,5
23:33:55,1596.585,800,5
23:33:56,1596.321,800,5
23:33:56,1594.298,800,5
23:33:56,1593.827,800,5
23:33:56,1592.462,800,5
23:33:56,1591.042,800,5
23:33:56,1590.964,800,5
23:33:56,1589.934,800,5
23:33:56,1589.793,800,5
23:33:56,1588.958,800,5
23:33:57,1588.801,800,5
23:33:57,1588.452,800,5
23:33:57,1588.286,800,5
23:33:57,1588.266,800,5
23:33:57,1588.336,800,5
23:33:57,1588.404,800,5
23:33:57,1588.879,800,5
23:33:57,1588.972,800,5
23:33:57,1589.671,800,5
23:33:58,1590.311,800,5
23:33:58,1590.793,800,5
23:33:58,1591.813,800,5
23:33:58,1592.246,800,5
23:33:58,1593.689,800,5
23:33:58,1594.1,800,5
23:33:58,1596.128,800,5
23:33:58,1597.405,800,5
23:33:59,1598.483,800,5
23:33:59,1600.857,800,5
23:33:59,1601.494,800,5
23:33:59,1604.286,800,5
23:33:59,1604.554,800,5
23:33:59,1605.36,800,6
23:33:59,1605.213,800,6
23:33:59,1577.418,800,6
23:33:59,1531.474,800,6
23:34:00,1477.549,400,6
23:34:00,1435.643,400,6
23:34:00,1379.176,400,6
23:34:00,1342.2,400,6
23:34:00,1306.819,400,6
23:34:00,1276.803,400,6
23:34:00,1252.1,400,6
23:34:00,1116.653,400,6
23:34:00,1106.714,400,6
23:34:01,1101.634,400,6
23:34:01,1107.341,400,6
23:34:01,1119.376,400,6
23:34:01,1018.913,400,6
23:34:01,1018.761,400,6
23:34:01,916.844,400,6
23:34:01,909.732,400,6
23:34:01,906.308,400,6
23:34:01,904.336,400,6
23:34:02,904.193,400,6
23:34:02,905.427,400,6
23:34:02,908.597,400,6
23:34:02,913.023,400,6
23:34:02,918.882,400,6
23:34:02,837.788,400,6
23:34:02,764.187,400,6
23:34:03,762.92,400,6
23:34:03,765.83,400,6
23:34:03,702.007,200,6
23:34:03,713.438,200,6
23:34:03,727.481,200,6
23:34:03,741.355,400,6
23:34:03,687.25,200,6
23:34:03,638.067,200,6
23:34:03,656.71,200,6
23:34:04,669.6,200,6
23:34:04,670.319,200,6
23:34:04,612.761,200,6
23:34:04,623.734,200,6
23:34:04,633.074,200,6
23:34:04,641.9,200,6
23:34:04,598.014,200,6
23:34:04,556.258,200,6
23:34:05,567.339,200,6
23:34:05,528.097,200,6
23:34:05,538.726,200,6
23:34:05,550.222,200,6
23:34:05,515.434,200,6
23:34:05,526.026,200,6
23:34:05,534.648,200,6
23:34:05,504.902,200,6
23:34:05,470.14,200,6
23:34:06,470.216,200,6
23:34:06,441.808,200,6
23:34:06,416.095,200,6
23:34:06,427.431,200,6
23:34:06,440.573,200,6
23:34:06,384.918,200,6
23:34:06,396.1,200,6
23:34:06,374.958,200,6
23:34:06,380.137,200,6
23:34:07,351.416,200,6
23:34:07,323.604,200,6
23:34:07,322.869,200,6
23:34:07,272.294,0,6
23:34:07,270.828,0,6
23:34:07,246.601,0,6
23:34:07,224.186,0,6
23:34:07,223.788,0,6
23:34:08,180.289,0,6
23:34:08,160.121,0,6
23:34:08,159.86,0,6
23:34:08,140.573,0,6
23:34:08,140.446,0,6
23:34:08,141.009,0,6
23:34:08,141.009,0,6
23:34:08,141.009,0,6
23:34:08,141.009,0,6
23:34:09,141.009,0,6
23:34:09,140.439,0,6
23:34:09,141.009,0,6
23:34:09,141.009,0,6
23:34:09,141.009,0,6
23:34:09,141.009,0,6
23:34:09,141.009,0,6
23:34:09,141.009,0,6
23:34:09,141.009,0,6
23:34:10,141.009,0,6
23:34:10,141.009,0,6
23:34:10,141.009,0,6
23:34:10,141.009,0,6
23:34:10,141.009,0,6
23:34:10,141.009,0,6
23:34:10,141.009,0,6
23:34:10,141.009,0,6
23:34:10,141.009,0,6
23:34:11,141.009,0,6
23:34:11,141.009,0,6
23:34:11,160.119,0,6
23:34:11,141.009,0,6
23:34:11,160.119,0,6
23:34:11,200.839,0,6
23:34:11,222.549,0,6
23:34:12,245.249,0,6
23:34:12,269.009,0,6
23:34:12,292.989,0,6
23:34:12,319.019,200,6
23:34:12,347.339,200,6
23:34:12,376.069,200,6
23:34:12,406.361,200,6
23:34:12,438.355,200,6
23:34:13,437.107,200,6
23:34:13,437.114,200,6
23:34:13,507.834,200,6
23:34:13,507.869,200,6
23:34:13,545.773,200,6
23:34:13,545.982,200,6
23:34:13,546.238,200,6
23:34:13,629.114,200,6
23:34:13,629.508,200,6
23:34:14,630.581,200,6
23:34:14,675.68,200,6
23:34:14,676.214,200,6
23:34:14,676.68,200,6
23:34:14,725.062,200,6
23:34:14,725.618,200,6
23:34:14,726.282,200,6
23:34:14,778.679,400,6
23:34:14,834.751,400,6
23:34:15,836.686,400,6
23:34:15,836.443,400,6
23:34:15,896.773,400,6
23:34:15,898.954,400,6
23:34:15,898.874,400,6
23:34:15,899.83,400,6
23:34:15,900.949,400,6
23:34:15,966.098,400,6
23:34:15,1036.402,400,6
23:34:16,1036.767,400,6
23:34:16,1038.207,400,6
23:34:16,1036.588,400,6
23:34:16,1101.414,400,6
23:34:16,1093.269,400,6
23:34:16,1085.229,400,6
23:34:16,1078.733,400,6
23:34:16,1151.623,400,6
23:34:17,1145.248,400,6
23:34:17,1227.871,400,6
23:34:17,1223.368,400,6
23:34:17,1218.573,400,6
23:34:17,1217.15,400,6
23:34:17,1215.04,400,6
23:34:17,1214.275,400,6
23:34:17,1309.591,400,6
23:34:17,1305.238,400,6
23:34:18,1300.591,400,6
23:34:18,1297.313,400,6
23:34:18,1291.741,400,6
23:34:18,1288.973,400,6
23:34:18,1288.944,400,6
23:34:18,1394.179,400,6
23:34:18,1391.117,400,6
23:34:18,1509.027,800,6
23:34:18,1511.787,800,6
23:34:19,1510.468,800,6
23:34:19,1509.329,800,6
23:34:19,1508.719,800,6
23:34:19,1508.501,800,6
23:34:19,1508.695,800,6
23:34:19,1509.372,800,6
23:34:19,1509.976,800,6
23:34:19,1509.979,800,6
23:34:20,1511.771,800,6
23:34:20,1515.748,800,6
23:34:20,1521.436,800,6
23:34:20,1523.197,800,6
23:34:20,1523.197,800,6
23:34:20,1525.403,800,6
23:34:20,1534.566,800,6
23:34:20,1537.38,800,6
23:34:20,1537.504,800,6
23:34:21,1545.815,800,6
23:34:21,1549.589,800,6
23:34:21,1557.701,800,6
23:34:21,1563.605,800,6
23:34:21,1563.605,800,6
23:34:21,1567.667,800,6
23:34:21,1578.89,800,6
23:34:22,1579.407,800,6
23:34:22,1579.419,800,6
23:34:22,1589.777,800,6
23:34:22,1597.057,800,6
23:34:22,1597.057,800,6
23:34:22,1600.571,800,6
23:34:22,1604.704,800,6
23:34:22,1602.131,800,6
23:34:22,1601.688,800,6
23:34:23,1480.702,400,6
23:34:23,1598.858,800,6
23:34:23,1596.685,800,6
23:34:23,1595.481,800,6
23:34:23,1594.298,800,6
23:34:23,1592.572,800,6
23:34:23,1592.382,800,6
23:34:23,1590.964,800,6
23:34:23,1590.426,800,6
23:34:24,1589.806,800,6
23:34:24,1589.165,800,6
23:34:24,1588.958,800,6
23:34:24,1588.511,800,6
23:34:24,1588.435,800,6
23:34:24,1588.266,800,6
23:34:24,1588.284,800,6
23:34:24,1588.402,800,6
23:34:25,1470.467,400,6
23:34:25,1588.881,800,6
23:34:25,1471.081,400,6
23:34:25,1589.671,800,6
23:34:25,1589.671,800,6
23:34:25,1590.13,800,6
23:34:25,1592.084,800,6
23:34:25,1592.246,800,6
23:34:25,1592.246,800,6
23:34:26,1593.535,800,6
23:34:26,1596.08,800,6
23:34:26,1596.128,800,6
23:34:26,1596.663,800,6
23:34:26,1482.532,400,6
23:34:26,1601.277,800,6
23:34:26,1601.277,800,6
23:34:26,1603.831,800,6
23:34:26,1486.99,400,7
23:34:27,1604.24,800,7
23:34:27,1587.021,800,7
23:34:27,1563.945,800,7
23:34:27,1532.091,800,7
23:34:27,1507.531,800,7
23:34:27,1484.999,400,7
23:34:27,1461.153,400,7
23:34:27,1437.837,400,7
23:34:28,1414.389,400,7
23:34:28,1392.532,400,7
23:34:28,1370.095,400,7
23:34:28,1348.306,400,7
23:34:28,1211.51,400,7
23:34:28,1193.816,400,7
23:34:28,1176.865,400,7
23:34:28,1161.913,400,7
23:34:28,1150.344,400,7
23:34:29,1031.442,400,7
23:34:29,1021.943,400,7
23:34:29,915.997,400,7
23:34:29,907.062,400,7
23:34:29,901.34,400,7
23:34:29,898.645,400,7
23:34:29,897.567,400,7
23:34:29,900.724,400,7
23:34:29,812.953,400,7
23:34:30,906.091,400,7
23:34:30,824.168,400,7
23:34:30,749.089,400,7
23:34:30,749.533,400,7
23:34:30,747.053,400,7
23:34:30,741.599,400,7
23:34:30,663.015,200,7
23:34:31,661.868,200,7
23:34:31,659.381,200,7
23:34:31,659.965,200,7
23:34:31,589.196,200,7
23:34:31,532.667,200,7
23:34:31,537.72,200,7
23:34:31,541.043,200,7
23:34:31,493.912,200,7
23:34:31,503.305,200,7
23:34:32,513.17,200,7
23:34:32,526.317,200,7
23:34:32,484.123,200,7
23:34:32,444.227,200,7
23:34:32,462.531,200,7
23:34:32,481.78,200,7
23:34:32,455.882,200,7
23:34:32,472.041,200,7
23:34:33,477.779,200,7
23:34:33,432.499,200,7
23:34:33,433.898,200,7
23:34:33,402.25,200,7
23:34:33,376.85,200,7
23:34:33,395.266,200,7
23:34:33,369.25,200,7
23:34:33,385.256,200,7
23:34:33,365.753,200,7
23:34:34,381.983,200,7
23:34:34,328.738,200,7
23:34:34,343.515,200,7
23:34:34,328.072,200,7
23:34:34,343.998,200,7
23:34:34,329.424,200,7
23:34:34,315.241,200,7
23:34:34,326.781,200,7
23:34:34,275.08,0,7
23:34:35,299.91,0,7
23:34:35,252.17,0,7
23:34:35,229.47,0,7
23:34:35,228.73,0,7
23:34:35,228.73,0,7
23:34:35,186.32,0,7
23:34:35,186.97,0,7
23:34:35,186.97,0,7
23:34:36,166.43,0,7
23:34:36,166.43,0,7
23:34:36,166.43,0,7
23:34:36,166.43,0,7
23:34:36,166.43,0,7
23:34:36,166.43,0,7
23:34:36,166.43,0,7
23:34:36,166.43,0,7
23:34:36,166.43,0,7
23:34:37,166.43,0,7
23:34:37,166.43,0,7
23:34:37,166.43,0,7
23:34:37,166.43,0,7
23:34:37,166.43,0,7
23:34:37,166.43,0,7
23:34:37,166.43,0,7
23:34:37,166.43,0,7
23:34:37,166.43,0,7
23:34:38,166.43,0,7
23:34:38,166.43,0,7
23:34:38,166.43,0,7
23:34:38,166.43,0,7
23:34:38,166.43,0,7
23:34:38,166.43,0,7
23:34:38,166.43,0,7
23:34:38,186.97,0,7
23:34:38,251.38,0,7
23:34:39,252.17,0,7
23:34:39,275.08,0,7
23:34:39,300.82,0,7
23:34:39,354.32,200,7
23:34:39,351.771,200,7
23:34:39,381.014,200,7
23:34:39,380.335,200,7
23:34:40,409.981,200,7
23:34:40,441.358,200,7
23:34:40,474.549,200,7
23:34:40,508.158,200,7
23:34:40,509.264,200,7
23:34:40,546.673,200,7
23:34:40,544.656,200,7
23:34:40,586.12,200,7
23:34:40,628.434,200,7
23:34:41,626.191,200,7
23:34:41,628.123,200,7
23:34:41,673.339,200,7
23:34:41,673.315,200,7
23:34:41,721.647,200,7
23:34:41,721.734,200,7
23:34:41,721.866,200,7
23:34:41,722.878,200,7
23:34:41,829.05,400,7
23:34:42,829.05,400,7
23:34:42,828.492,400,7
23:34:42,826.046,400,7
23:34:42,823.576,400,7
23:34:42,881.893,400,7
23:34:42,878.761,400,7
23:34:42,877.126,400,7
23:34:42,940.996,400,7
23:34:42,1007.695,400,7
23:34:43,1006.967,400,7
23:34:43,1006.476,400,7
23:34:43,1006.274,400,7
23:34:43,1007.721,400,7
23:34:43,1081.05,400,7
23:34:43,1076.07,400,7
23:34:43,1069.151,400,7
23:34:43,1065.136,400,7
23:34:43,1057.311,400,7
23:34:44,1051.704,400,7
23:34:44,1216.386,400,7
23:34:44,1213.137,400,7
23:34:44,1208.707,400,7
23:34:44,1206.519,400,7
23:34:44,1204.409,400,7
23:34:44,1203.763,400,7
23:34:44,1200.124,400,7
23:34:45,1296.179,400,7
23:34:45,1292.752,400,7
23:34:45,1290.183,400,7
23:34:45,1287.933,400,7
23:34:45,1283.919,400,7
23:34:45,1285.114,400,7
23:34:45,1392.132,400,7
23:34:45,1391.865,400,7
23:34:45,1505.997,800,7
23:34:46,1508.67,800,7
23:34:46,1508.501,800,7
23:34:46,1508.719,800,7
23:34:46,1509.337,800,7
23:34:46,1509.976,800,7
23:34:46,1506.945,800,7
23:34:46,1509.924,800,7
23:34:46,1517.778,800,7
23:34:46,1519.442,800,7
23:34:47,1521.342,800,7
23:34:47,1527.383,800,7
23:34:47,1527.481,800,7
23:34:47,1527.834,800,7
23:34:47,1534.494,800,7
23:34:47,1537.38,800,7
23:34:47,1537.38,800,7
23:34:47,1540.381,800,7
23:34:47,1548.893,800,7
23:34:48,1549.557,800,7
23:34:48,1549.704,800,7
23:34:48,1559.863,800,7
23:34:48,1563.605,800,7
23:34:48,1563.605,800,7
23:34:48,1579.429,800,7
23:34:48,1588.025,800,7
23:34:49,1589.96,800,7
23:34:49,1597.057,800,7
23:34:49,1600.9,800,7
23:34:49,1605.362,800,7
23:34:49,1604.725,800,7
23:34:49,1604.704,800,7
23:34:49,1602.431,800,7
23:34:49,1601.675,800,7
23:34:49,1598.918,800,7
23:34:50,1598.644,800,7
23:34:50,1596.429,800,7
23:34:50,1595.481,800,7
23:34:50,1594.298,800,7
23:34:50,1592.572,800,7
23:34:50,1592.382,800,7
23:34:50,1590.964,800,7
23:34:50,1590.647,800,7
23:34:50,1589.806,800,7
23:34:51,1589.165,800,7
23:34:51,1588.958,800,7
23:34:51,1588.495,800,7
23:34:51,1588.446,800,7
23:34:51,1584.996,800,7
23:34:51,1469.895,400,7
23:34:51,1467.222,400,7
23:34:51,1363.031,400,7
23:34:51,1467.699,400,7
23:34:52,1467.95,400,7
23:34:52,1468.491,400,7
23:34:52,1364.201,400,7
23:34:52,1364.238,400,7
23:34:52,1365.105,400,7
23:34:52,1366.252,400,7
23:34:52,1366.776,400,7
23:34:52,1367.505,400,7
23:34:53,1369.275,400,7
23:34:53,1370.656,400,7
23:34:53,1370.869,400,7
23:34:53,1373.08,400,7
23:34:53,1375.653,400,7
23:34:53,1375.815,400,7
23:34:53,1377.795,400,8
23:34:53,1379.89,400,8
23:34:53,1379.89,400,8
23:34:54,1379.331,400,8
23:34:54,1363.812,400,8
23:34:54,1340.164,400,8
23:34:54,1314.725,400,8
23:34:54,1288.558,400,8
23:34:54,1263.576,400,8
23:34:54,1241.625,400,8
23:34:54,1214.999,400,8
23:34:54,1192.469,400,8
23:34:55,1072.512,400,8
23:34:55,1145.011,400,8
23:34:55,1124.379,400,8
23:34:55,1009.198,400,8
23:34:55,990.859,400,8
23:34:55,973.88,400,8
23:34:55,960.454,400,8
23:34:55,855.243,400,8
23:34:55,842.931,400,8
23:34:56,832.334,400,8
23:34:56,742.24,400,8
23:34:56,735.696,200,8
23:34:56,730.027,200,8
23:34:56,727.104,200,8
23:34:56,651.087,200,8
23:34:56,652.249,200,8
23:34:56,655.446,200,8
23:34:57,660.881,200,8
23:34:57,666.774,200,8
23:34:57,598.7,200,8
23:34:57,534.407,200,8
23:34:57,531.961,200,8
23:34:57,530.253,200,8
23:34:57,469.285,200,8
23:34:58,467.134,200,8
23:34:58,463.963,200,8
23:34:58,467.284,200,8
23:34:58,412.631,200,8
23:34:58,411.039,200,8
23:34:58,312.955,200,8
23:34:58,316.997,200,8
23:34:58,316.891,200,8
23:34:58,276.389,0,8
23:34:59,277.0,0,8
23:34:59,282.621,0,8
23:34:59,243.676,0,8
23:34:59,205.576,0,8
23:34:59,173.785,0,8
23:34:59,178.368,0,8
23:34:59,181.708,0,8
23:34:59,153.226,0,8
23:34:59,158.789,0,8
23:35:00,129.595,0,8
23:35:00,105.809,0,8
23:35:00,112.296,0,8
23:35:00,90.227,0,8
23:35:00,66.699,0,8
23:35:00,75.883,0,8
23:35:00,56.1,0,8
23:35:00,37.815,0,8
23:35:00,45.351,0,8
23:35:01,5.954,0,8
23:35:01,0,0,8
23:35:01,0.806,0,8
23:35:01,0,0,8
23:35:01,0,0,8
23:35:01,4.949,0,8
23:35:01,0,0,8
23:35:01,0,0,8
23:35:02,0,0,8
23:35:02,0,0,8
23:35:02,0,0,8
23:35:02,0,0,8
23:35:02,0,0,8
23:35:02,0,0,8
23:35:02,0,0,8
23:35:02,0,0,8
23:35:02,0,0,8
23:35:03,0,0,8
23:35:03,0,0,8
23:35:03,0,0,8
23:35:03,0,0,8
23:35:03,0,0,8
23:35:03,0,0,8
23:35:03,0,0,8
23:35:03,0,0,8
23:35:03,0,0,8
23:35:04,0,0,8
23:35:04,0,0,8
23:35:04,0,0,8
23:35:04,0,0,8
23:35:04,0,0,8
23:35:04,0,0,8
23:35:04,0,0,8
23:35:04,0,0,8
23:35:04,0,0,8
23:35:05,0,0,8
23:35:05,26.109,0,8
23:35:05,49.549,0,8
23:35:05,72.459,0,8
23:35:05,97.289,0,8
23:35:05,123.319,0,8
23:35:05,151.699,0,8
23:35:05,151.699,0,8
23:35:06,179.369,0,8
23:35:06,210.829,0,8
23:35:06,210.829,0,8
23:35:06,242.789,0,8
23:35:06,276.519,0,8
23:35:06,276.519,0,8
23:35:06,312.179,200,8
23:35:06,328.884,200,8
23:35:07,376.429,200,8
23:35:07,386.373,200,8
23:35:07,435.767,200,8
23:35:07,489.611,200,8
23:35:07,544.483,200,8
23:35:07,556.047,200,8
23:35:07,566.59,200,8
23:35:07,577.225,200,8
23:35:07,635.857,200,8
23:35:08,646.634,200,8
23:35:08,765.549,400,8
23:35:08,776.45,400,8
23:35:08,786.591,400,8
23:35:08,800.695,400,8
23:35:08,811.677,400,8
23:35:08,883.182,400,8
23:35:08,891.225,400,8
23:35:09,892.305,400,8
23:35:09,893.445,400,8
23:35:09,1026.298,400,8
23:35:09,1023.395,400,8
23:35:09,1022.166,400,8
23:35:09,1021.156,400,8
23:35:09,1021.815,400,8
23:35:09,1021.181,400,8
23:35:09,1094.163,400,8
23:35:10,1093.999,400,8
23:35:10,1095.656,400,8
23:35:10,1094.287,400,8
23:35:10,1175.969,400,8
23:35:10,1265.309,400,8
23:35:10,1267.678,400,8
23:35:10,1267.678,400,8
23:35:10,1267.68,400,8
23:35:10,1265.704,400,8
23:35:11,1266.01,400,8
23:35:11,1266.541,400,8
23:35:11,1366.915,400,8
23:35:11,1367.889,400,8
23:35:11,1368.973,400,8
23:35:11,1370.495,400,8
23:35:11,1369.844,400,8
23:35:11,1480.835,400,8
23:35:12,1481.055,400,8
23:35:12,1481.055,400,8
23:35:12,1597.803,800,8
23:35:12,1590.498,800,8
23:35:12,1584.409,800,8
23:35:12,1578.892,800,8
23:35:12,1575.915,800,8
23:35:12,1575.447,800,8
23:35:12,1563.508,800,8
23:35:13,1552.828,800,8
23:35:13,1552.723,800,8
23:35:13,1547.968,800,8
23:35:13,1540.09,800,8
23:35:13,1539.98,800,8
23:35:13,1539.194,800,8
23:35:13,1530.736,800,8
23:35:13,1529.349,800,8
23:35:13,1529.349,800,8
23:35:14,1525.576,800,8
23:35:14,1520.854,800,8
23:35:14,1520.854,800,8
23:35:14,1520.359,800,8
23:35:14,1515.619,800,8
23:35:14,1514.589,800,8
23:35:14,1514.589,800,8
23:35:14,1512.62,800,8
23:35:15,1510.502,800,8
23:35:15,1510.502,800,8
23:35:15,1510.305,800,8
23:35:15,1508.82,800,8
23:35:15,1508.629,800,8
23:35:15,1508.629,800,8
23:35:15,1508.506,800,8
23:35:15,1508.992,800,8
23:35:15,1508.993,800,8
23:35:16,1511.487,800,8
23:35:16,1511.544,800,8
23:35:16,1511.546,800,8
23:35:16,1513.973,800,8
23:35:16,1516.286,800,8
23:35:16,1516.286,800,8
23:35:16,1516.687,800,8
23:35:16,1522.571,800,8
23:35:17,1523.197,800,8
23:35:17,1523.197,800,8
23:35:17,1526.963,800,8
23:35:17,1532.186,800,8
23:35:17,1532.186,800,8
23:35:17,1532.576,800,8
23:35:17,1541.25,800,8
23:35:17,1543.262,800,8
23:35:17,1543.262,800,8
23:35:18,1546.536,800,8
23:35:18,1555.889,800,8
23:35:18,1556.394,800,8
23:35:18,1556.944,800,8
23:35:18,1568.326,800,8
23:35:18,1571.22,800,8
23:35:18,1571.22,800,8
23:35:18,1576.509,800,8
23:35:19,1588.048,800,8
23:35:19,1588.048,800,8
23:35:19,1588.56,800,8
23:35:19,1602.346,800,8
23:35:19,1605.362,800,8
23:35:19,1605.362,800,8
23:35:19,1602.772,800,8
23:35:19,1601.688,800,8
23:35:19,1599.361,800,8
23:35:20,1598.797,800,8
23:35:20,1596.429,800,8
23:35:20,1595.481,800,8
23:35:20,1594.298,800,8
23:35:20,1592.954,800,8
23:35:20,1592.441,800,8
23:35:20,1590.964,800,8
23:35:20,1590.647,800,8
23:35:21,1589.806,800,8
23:35:21,1589.307,800,8
23:35:21,1588.958,800,8
23:35:21,1588.556,800,8
23:35:21,1588.452,800,8
23:35:21,1588.271,800,8
23:35:21,1588.271,800,8
23:35:21,1588.402,800,8
23:35:21,1588.613,800,8
23:35:22,1588.879,800,8
23:35:22,1589.559,800,8
23:35:22,1589.68,800,8
23:35:22,1590.782,800,8
23:35:22,1590.985,800,8
23:35:22,1592.246,800,8
23:35:22,1593.276,800,8
23:35:22,1594.016,800,8
23:35:22,1595.981,800,8
23:35:23,1596.128,800,8
23:35:23,1598.101,800,8
23:35:23,1598.489,800,8
23:35:23,1601.277,800,8
23:35:23,1601.588,800,8
23:35:23,1604.286,800,8
23:35:23,1605.358,800,8
23:35:23,1605.36,800,9
23:35:23,1601.462,800,9
23:35:24,1568.658,800,9
23:35:24,1513.916,800,9
23:35:24,1460.573,400,9
23:35:24,1417.827,400,9
23:35:24,1370.325,400,9
23:35:24,1331.583,400,9
23:35:24,1299.91,400,9
23:35:24,1266.63,400,9
23:35:25,1245.207,400,9
23:35:25,1229.499,400,9
23:35:25,1105.239,400,9
23:35:25,1013.912,400,9
23:35:25,1123.199,400,9
23:35:25,1123.051,400,9
23:35:25,1121.933,400,9
23:35:26,1009.054,400,9
23:35:26,908.055,400,9
23:35:26,906.416,400,9
23:35:26,904.216,400,9
23:35:26,905.898,400,9
23:35:26,909.283,400,9
23:35:26,916.266,400,9
23:35:26,830.954,400,9
23:35:26,928.691,400,9
23:35:27,844.177,400,9
23:35:27,763.425,400,9
23:35:27,770.811,400,9
23:35:27,782.756,400,9
23:35:27,795.286,400,9
23:35:27,735.268,200,9
23:35:27,751.37,400,9
23:35:27,766.987,400,9
23:35:28,783.556,400,9
23:35:28,799.72,400,9
23:35:28,670.319,200,9
23:35:28,670.488,200,9
23:35:28,677.859,200,9
23:35:28,683.683,200,9
23:35:28,637.128,200,9
23:35:28,647.751,200,9
23:35:28,659.272,200,9
23:35:29,669.58,200,9
23:35:29,623.642,200,9
23:35:29,631.832,200,9
23:35:29,595.529,200,9
23:35:29,556.2,200,9
23:35:29,568.272,200,9
23:35:29,577.807,200,9
23:35:29,545.523,200,9
23:35:30,554.28,200,9
23:35:30,552.514,200,9
23:35:30,521.217,200,9
23:35:30,491.755,200,9
23:35:30,465.338,200,9
23:35:30,476.629,200,9
23:35:30,449.967,200,9
23:35:30,461.547,200,9
23:35:30,439.978,200,9
23:35:31,411.597,200,9
23:35:31,410.35,200,9
23:35:31,379.538,200,9
23:35:31,378.813,200,9
23:35:31,350.478,200,9
23:35:31,321.555,200,9
23:35:31,321.011,200,9
23:35:31,270.586,0,9
23:35:32,270.168,0,9
23:35:32,245.279,0,9
23:35:32,223.048,0,9
23:35:32,222.076,0,9
23:35:32,200.225,0,9
23:35:32,180.049,0,9
23:35:32,180.049,0,9
23:35:32,180.049,0,9
23:35:32,159.509,0,9
23:35:33,159.509,0,9
23:35:33,159.509,0,9
23:35:33,159.509,0,9
23:35:33,159.509,0,9
23:35:33,159.509,0,9
23:35:33,159.509,0,9
23:35:33,159.509,0,9
23:35:33,159.509,0,9
23:35:33,159.509,0,9
23:35:34,179.399,0,9
23:35:34,159.509,0,9
23:35:34,159.509,0,9
23:35:34,159.509,0,9
23:35:34,159.509,0,9
23:35:34,159.509,0,9
23:35:34,159.509,0,9
23:35:35,159.509,0,9
23:35:35,159.509,0,9
23:35:35,159.509,0,9
23:35:35,159.509,0,9
23:35:35,159.509,0,9
23:35:35,159.509,0,9
23:35:35,159.509,0,9
23:35:35,159.509,0,9
23:35:35,159.509,0,9
23:35:36,159.509,0,9
23:35:36,200.839,0,9
23:35:36,244.459,0,9
23:35:36,245.249,0,9
23:35:36,244.459,0,9
23:35:36,292.989,0,9
23:35:36,293.899,0,9
23:35:36,347.399,200,9
23:35:36,347.364,200,9
23:35:37,376.08,200,9
23:35:37,405.139,200,9
23:35:37,406.388,200,9
23:35:37,438.417,200,9
23:35:37,472.259,200,9
23:35:37,508.115,200,9
23:35:37,506.797,200,9
23:35:37,507.081,200,9
23:35:38,546.671,200,9
23:35:38,546.695,200,9
23:35:38,586.984,200,9
23:35:38,629.939,200,9
23:35:38,630.419,200,9
23:35:38,630.935,200,9
23:35:38,677.594,200,9
23:35:38,677.516,200,9
23:35:38,727.333,200,9
23:35:39,727.18,200,9
23:35:39,727.957,200,9
23:35:39,780.387,400,9
23:35:39,836.599,400,9
23:35:39,837.521,400,9
23:35:39,838.499,400,9
23:35:39,899.002,400,9
23:35:39,899.219,400,9
23:35:39,899.159,400,9
23:35:40,893.549,400,9
23:35:40,886.003,400,9
23:35:40,1013.255,400,9
23:35:40,1004.34,400,9
23:35:40,998.014,400,9
23:35:40,992.489,400,9
23:35:40,987.611,400,9
23:35:40,983.118,400,9
23:35:40,982.785,400,9
23:35:41,1053.058,400,9
23:35:41,1049.367,400,9
23:35:41,1043.913,400,9
23:35:41,1037.747,400,9
23:35:41,1114.456,400,9
23:35:41,1202.021,400,9
23:35:41,1201.427,400,9
23:35:41,1198.226,400,9
23:35:42,1192.88,400,9
23:35:42,1190.121,400,9
23:35:42,1285.028,400,9
23:35:42,1286.827,400,9
23:35:42,1286.827,400,9
23:35:42,1286.285,400,9
23:35:42,1284.75,400,9
23:35:42,1281.359,400,9
23:35:42,1283.172,400,9
23:35:43,1390.126,400,9
23:35:43,1390.157,400,9
23:35:43,1508.527,800,9
23:35:43,1508.714,800,9
23:35:43,1510.766,800,9
23:35:43,1513.516,800,9
23:35:43,1519.41,800,9
23:35:44,1519.442,800,9
23:35:44,1519.447,800,9
23:35:44,1524.171,800,9
23:35:44,1527.481,800,9
23:35:44,1527.481,800,9
23:35:44,1528.275,800,9
23:35:44,1536.798,800,9
23:35:44,1537.38,800,9
23:35:44,1537.406,800,9
23:35:45,1543.963,800,9
23:35:45,1549.557,800,9
23:35:45,1549.557,800,9
23:35:45,1552.694,800,9
23:35:45,1563.099,800,9
23:35:45,1563.605,800,9
23:35:45,1563.642,800,9
23:35:45,1572.413,800,9
23:35:45,1579.407,800,9
23:35:46,1579.407,800,9
23:35:46,1583.952,800,9
23:35:46,1597.057,800,9
23:35:46,1597.057,800,9
23:35:46,1597.423,800,9
23:35:46,1604.704,800,9
23:35:46,1603.346,800,9
23:35:46,1601.688,800,9
23:35:47,1599.361,800,9
23:35:47,1598.918,800,9
23:35:47,1596.585,800,9
23:35:47,1596.321,800,9
23:35:47,1594.298,800,9
23:35:47,1593.491,800,9
23:35:47,1592.462,800,9
23:35:47,1591.35,800,9
23:35:47,1590.964,800,9
23:35:48,1589.866,800,9
23:35:48,1589.759,800,9
23:35:48,1588.958,800,9
23:35:48,1588.642,800,9
23:35:48,1588.452,800,9
23:35:48,1588.273,800,9
