15:46:06,1031.4799999999998,4,1500,750
15:46:07,1088.1499999999999,4,1500,750
15:46:07,1031.4799999999998,4,1500,750
15:46:07,1088.1499999999999,4,1500,750
15:46:07,1031.4799999999998,4,1500,750
15:46:07,1031.4799999999998,4,1500,750
15:46:08,1088.1499999999999,4,1500,750
15:46:08,1031.4799999999998,4,1500,750
15:46:08,1031.4799999999998,4,1500,750
15:46:08,1088.1499999999999,4,1500,750
15:46:08,1040.3500000000001,4,1500,750
15:46:09,1047.3600000000001,4,1500,750
15:46:09,1052.42,4,1500,750
15:46:09,1174.98,4,1500,750
15:46:09,1168.67,4,1500,750
15:46:10,1243.5499999999997,4,1500,750
15:46:10,1174.98,4,1500,750
15:46:10,1174.98,4,1500,750
15:46:10,1178.7999999999997,4,1500,750
15:46:10,1178.7999999999997,4,1500,750
15:46:11,1178.7999999999997,4,1500,750
15:46:11,1180.08,4,1500,750
15:46:11,1178.7999999999997,4,1500,750
15:46:11,1114.8600000000001,4,1500,750
15:46:11,1111.4500000000003,4,1500,750
15:46:12,1114.8600000000001,4,1500,750
15:46:12,1111.4500000000003,4,1500,750
15:46:12,1111.4500000000003,4,1500,750
15:46:12,1178.7999999999997,4,1500,750
15:46:12,1178.7999999999997,4,1500,750
15:46:13,1174.98,4,1500,750
15:46:13,1178.7999999999997,4,1500,750
15:46:13,1174.98,4,1500,750
15:46:13,1178.7999999999997,4,1500,750
15:46:13,1174.98,4,1500,750
15:46:14,1247.8399999999997,4,1500,750
15:46:14,1178.7999999999997,4,1500,750
15:46:14,1243.5499999999997,4,1500,750
15:46:14,1247.8399999999997,4,1500,750
15:46:14,1178.7999999999997,4,1500,750
15:46:15,1247.8399999999997,4,1500,750
15:46:15,1178.7999999999997,4,1500,750
15:46:15,1174.98,4,1500,750
15:46:15,1178.7999999999997,4,1500,750
15:46:15,1178.7999999999997,4,1500,750
15:46:16,1178.7999999999997,4,1500,750
15:46:16,1243.5499999999997,4,1500,750
15:46:16,1214.3399999999997,4,1500,750
15:46:16,1214.3399999999997,4,1500,750
15:46:17,1199.6,4,1500,750
15:46:17,1163.6799999999998,4,1500,750
15:46:17,1096.9100000000003,4,1500,750
15:46:17,1126.3800000000006,4,1500,750
15:46:17,1152.5899999999997,4,1500,750
15:46:18,1210.2800000000002,4,1500,750
15:46:18,1152.5899999999997,4,1500,750
15:46:18,1019.8800000000003,4,1500,750
15:46:18,1126.3800000000006,4,1500,750
15:46:18,1126.3800000000006,4,1500,750
15:46:19,1126.3800000000006,4,1500,750
15:46:19,1020.8399999999999,4,1500,750
15:46:19,1012.2900000000002,4,1500,750
15:46:19,910.1800000000001,4,1500,750
15:46:20,1135.77,4,1500,750
15:46:20,1076.33,4,1500,750
15:46:20,1076.33,4,1500,750
15:46:20,1088.1499999999999,4,1500,750
15:46:20,992.8699999999997,4,1500,750
15:46:21,1111.4500000000003,4,1500,750
15:46:21,1111.4500000000003,4,1500,750
15:46:21,1114.8600000000001,4,1500,750
15:46:21,1180.08,4,1500,750
15:46:21,1116.0,4,1500,750
15:46:22,1178.7999999999997,4,1500,750
15:46:22,1116.0,4,1500,750
15:46:22,1180.08,4,1500,750
15:46:22,1322.6199999999994,4,1500,750
15:46:22,1475.8899999999999,4,1500,750
15:46:23,1309.78,4,1500,750
15:46:23,1243.5499999999997,4,1500,750
15:46:23,1398.3899999999999,4,1500,750
15:46:23,1492.53,4,1500,750
15:46:23,1492.53,4,1500,750
15:46:24,1589.5800000000004,4,1500,1500
15:46:24,1589.5800000000004,4,1500,1500
15:46:24,1687.9399999999996,4,1500,1500
15:46:24,1696.2900000000004,4,1500,1500
15:46:25,1687.9399999999996,4,1500,1500
15:46:25,1687.9399999999996,4,1500,1500
15:46:25,1687.9399999999996,4,1500,1500
15:46:25,1687.9399999999996,4,1500,1500
15:46:25,1804.4700000000003,4,1500,1500
15:46:26,1804.4700000000003,4,1500,1500
15:46:26,1814.2000000000003,4,1500,1500
15:46:26,1788.5,4,1500,1500
15:46:26,1687.9399999999996,4,1500,1500
15:46:26,1687.9399999999996,4,1500,1500
15:46:27,1788.5,4,1500,1500
15:46:27,1674.2200000000003,4,1500,1500
15:46:27,1804.4700000000003,4,1500,1500
15:46:27,2239.66,4,1500,1500
15:46:27,2239.66,4,1500,1500
15:46:27,2239.66,4,1500,1500
15:46:27,2239.66,4,1500,1500
15:46:27,2239.66,4,1500,1500
15:46:27,2239.66,4,1500,1500
15:46:27,2239.66,4,1500,1500
15:46:27,2239.66,4,1500,1500
15:46:27,2239.66,4,1500,1500
15:46:27,2239.66,4,1500,1500
15:46:27,2239.66,4,1500,1500
15:46:27,2239.66,4,1500,1500
15:46:27,2239.66,4,1500,1500
15:46:28,2239.66,4,1500,1500
15:46:28,2239.66,4,1500,1500
15:46:28,2239.66,4,1500,1500
15:46:28,2239.66,4,1500,1500
15:46:28,2239.66,4,1500,1500
15:46:28,2239.66,4,1500,1500
15:46:28,2239.66,4,1500,1500
15:46:28,2239.66,4,1500,1500
15:46:28,2239.66,4,1500,1500
15:46:28,2239.66,4,1500,1500
15:46:28,2239.66,4,1500,1500
15:46:28,2239.66,4,1500,1500
15:46:28,2239.66,4,1500,1500
15:46:28,2239.66,4,1500,1500
15:46:28,2239.66,4,1500,1500
15:46:28,2239.66,4,1500,1500
15:46:28,2239.66,4,1500,1500
15:46:28,2239.66,4,1500,1500
15:46:28,2239.66,4,1500,1500
15:46:28,2239.66,4,1500,1500
15:46:28,2239.66,4,1500,1500
15:46:28,2239.66,4,1500,1500
15:46:28,2239.66,4,1500,1500
15:46:28,2239.66,4,1500,1500
15:46:28,2239.66,4,1500,1500
15:46:28,2239.66,4,1500,1500
15:46:28,2239.66,4,1500,1500
15:46:28,2239.66,4,1500,1500
15:46:28,2239.66,4,1500,1500
15:46:28,2239.66,4,1500,1500
15:46:29,2239.66,4,1500,1500
15:46:29,2239.66,4,1500,1500
15:46:29,2239.66,4,1500,1500
15:46:29,2239.66,4,1500,1500
15:46:29,2239.66,4,1500,1500
15:46:29,2239.66,4,1500,1500
15:46:29,2239.66,4,1500,1500
15:46:29,2239.66,4,1500,1500
15:46:29,2239.66,4,1500,1500
15:46:29,2239.66,4,1500,1500
15:46:29,2239.66,4,1500,1500
15:46:29,2239.66,4,1500,1500
15:46:29,2239.66,4,1500,1500
15:46:29,2239.66,4,1500,1500
15:46:29,2239.66,4,1500,1500
15:46:29,2239.66,4,1500,1500
15:46:29,2239.66,4,1500,1500
15:46:29,2239.66,4,1500,1500
15:46:29,2239.66,4,1500,1500
15:46:29,2239.66,4,1500,1500
15:46:29,2239.66,4,1500,1500
15:46:29,2239.66,4,1500,1500
15:46:29,2239.66,4,1500,1500
15:46:29,2239.66,4,1500,1500
15:46:29,2239.66,4,1500,1500
15:46:29,2239.66,4,1500,1500
15:46:29,2239.66,4,1500,1500
15:46:29,2239.66,4,1500,1500
15:46:29,2239.66,4,1500,1500
15:46:29,2239.66,4,1500,1500
15:46:30,2239.66,4,1500,1500
15:46:30,2239.66,4,1500,1500
15:46:30,2239.66,4,1500,1500
15:46:30,2239.66,4,1500,1500
15:46:30,2239.66,4,1500,1500
15:46:30,2239.66,4,1500,1500
15:46:30,2239.66,4,1500,1500
15:46:30,2239.66,4,1500,1500
15:46:30,2239.66,4,1500,1500
15:46:30,2239.66,4,1500,1500
15:46:30,2239.66,4,1500,1500
15:46:30,2239.66,4,1500,1500
15:46:30,2239.66,4,1500,1500
15:46:30,2239.66,4,1500,1500
15:46:30,2239.66,4,1500,1500
15:46:30,2239.66,4,1500,1500
15:46:30,2239.66,4,1500,1500
15:46:30,2239.66,4,1500,1500
15:46:30,2239.66,4,1500,1500
15:46:30,2239.66,4,1500,1500
15:46:30,2239.66,4,1500,1500
15:46:30,2239.66,4,1500,1500
15:46:30,2239.66,4,1500,1500
15:46:30,2239.66,4,1500,1500
15:46:30,2239.66,4,1500,1500
15:46:30,2239.66,4,1500,1500
15:46:30,2239.66,4,1500,1500
15:46:30,2239.66,4,1500,1500
15:46:30,2239.66,4,1500,1500
15:46:30,2239.66,4,1500,1500
15:46:31,2239.66,4,1500,1500
15:46:31,2239.66,4,1500,1500
15:46:31,2239.66,4,1500,1500
15:46:31,2239.66,4,1500,1500
15:46:31,2239.66,4,1500,1500
15:46:31,2239.66,4,1500,1500
15:46:31,2239.66,4,1500,1500
15:46:31,2239.66,4,1500,1500
15:46:31,2239.66,4,1500,1500
15:46:31,2239.66,4,1500,1500
15:46:31,2239.66,4,1500,1500
15:46:31,2239.66,4,1500,1500
15:46:31,2239.66,4,1500,1500
15:46:31,2239.66,4,1500,1500
15:46:31,2239.66,4,1500,1500
15:46:31,2239.66,4,1500,1500
15:46:31,2239.66,4,1500,1500
15:46:31,2239.66,4,1500,1500
15:46:31,2239.66,4,1500,1500
15:46:31,2239.66,4,1500,1500
15:46:31,2239.66,4,1500,1500
15:46:31,2239.66,4,1500,1500
15:46:31,2239.66,4,1500,1500
15:46:31,2239.66,4,1500,1500
15:46:31,2239.66,4,1500,1500
15:46:31,2239.66,4,1500,1500
15:46:31,2239.66,4,1500,1500
15:46:31,2239.66,4,1500,1500
15:46:31,2239.66,4,1500,1500
15:46:31,2239.66,4,1500,1500
15:46:32,2239.66,4,1500,1500
15:46:32,2239.66,4,1500,1500
15:46:32,2239.66,4,1500,1500
15:46:32,2239.66,4,1500,1500
15:46:32,2239.66,4,1500,1500
15:46:32,2239.66,4,1500,1500
15:46:32,2239.66,4,1500,1500
15:46:32,2239.66,4,1500,1500
15:46:32,2239.66,4,1500,1500
15:46:32,2239.66,4,1500,1500
15:46:32,2239.66,4,1500,1500
15:46:32,2239.66,4,1500,1500
15:46:32,2239.66,4,1500,1500
15:46:32,2239.66,4,1500,1500
15:46:32,2239.66,4,1500,1500
15:46:32,2239.66,4,1500,1500
15:46:32,2239.66,4,1500,1500
15:46:32,2239.66,4,1500,1500
15:46:32,2239.66,4,1500,1500
15:46:32,2239.66,4,1500,1500
15:46:32,2239.66,4,1500,1500
15:46:32,2239.66,4,1500,1500
15:46:32,2239.66,4,1500,1500
15:46:32,2239.66,4,1500,1500
15:46:32,2239.66,4,1500,1500
15:46:32,2239.66,4,1500,1500
15:46:32,2239.66,4,1500,1500
15:46:32,2239.66,4,1500,1500
15:46:32,2239.66,4,1500,1500
15:46:32,2239.66,4,1500,1500
15:46:33,2239.66,4,1500,1500
15:46:33,2239.66,4,1500,1500
15:46:33,2239.66,4,1500,1500
15:46:33,2239.66,4,1500,1500
15:46:33,2239.66,4,1500,1500
15:46:33,2239.66,4,1500,1500
15:46:33,2239.66,4,1500,1500
15:46:33,2239.66,4,1500,1500
15:46:33,2239.66,4,1500,1500
15:46:33,2239.66,4,1500,1500
15:46:33,2239.66,4,1500,1500
15:46:33,2239.66,4,1500,1500
15:46:33,2239.66,4,1500,1500
15:46:33,2239.66,4,1500,1500
15:46:33,2239.66,4,1500,1500
15:46:33,2239.66,4,1500,1500
15:46:33,2239.66,4,1500,1500
15:46:33,2239.66,4,1500,1500
15:46:33,2239.66,4,1500,1500
15:46:33,2239.66,4,1500,1500
15:46:33,2239.66,4,1500,1500
15:46:33,2239.66,4,1500,1500
15:46:33,2239.66,4,1500,1500
15:46:33,2239.66,4,1500,1500
15:46:33,2239.66,4,1500,1500
15:46:33,2239.66,4,1500,1500
15:46:33,2239.66,4,1500,1500
15:46:33,2239.66,4,1500,1500
15:46:33,2239.66,4,1500,1500
15:46:33,2239.66,4,1500,1500
15:46:34,2239.66,4,1500,1500
15:46:34,2239.66,4,1500,1500
15:46:34,2239.66,4,1500,1500
15:46:34,2239.66,4,1500,1500
15:46:34,2239.66,4,1500,1500
15:46:34,2239.66,4,1500,1500
15:46:34,2239.66,4,1500,1500
15:46:34,2239.66,4,1500,1500
15:46:34,2239.66,4,1500,1500
15:46:34,2239.66,4,1500,1500
15:46:34,2239.66,4,1500,1500
15:46:34,997.4300000000001,4,1500,750
15:46:34,1249.2800000000002,4,1500,750
15:46:34,1249.2800000000002,4,1500,750
15:46:35,1247.8399999999997,4,1500,750
15:46:35,1247.8399999999997,4,1500,750
15:46:35,1247.8399999999997,4,1500,750
15:46:35,1247.8399999999997,4,1500,750
15:46:36,1317.78,4,1500,750
15:46:36,1317.78,4,1500,750
15:46:36,1317.78,4,1500,750
15:46:36,1236.4599999999996,4,1500,750
15:46:36,1243.5499999999997,4,1500,750
15:46:37,1309.78,4,1500,750
15:46:37,1226.6799999999998,4,1500,750
15:46:37,1226.6799999999998,4,1500,750
15:46:37,1159.9599999999996,4,1500,750
15:46:38,1148.9500000000003,4,1500,750
15:46:38,1148.9500000000003,4,1500,750
15:46:38,1148.9500000000003,4,1500,750
15:46:38,1098.0099999999998,4,1500,750
15:46:38,1098.0099999999998,4,1500,750
15:46:38,1047.3600000000001,4,1500,750
15:46:39,1047.3600000000001,4,1500,750
15:46:39,1047.3600000000001,4,1500,750
15:46:39,1047.3600000000001,4,1500,750
15:46:39,1111.4500000000003,4,1500,750
15:46:39,1111.4500000000003,4,1500,750
15:46:40,1111.4500000000003,4,1500,750
15:46:40,1114.8600000000001,4,1500,750
15:46:40,1180.08,4,1500,750
15:46:40,1178.7999999999997,4,1500,750
15:46:40,1324.25,4,1500,750
15:46:41,1324.25,4,1500,750
15:46:41,1324.25,4,1500,750
15:46:41,1403.8899999999999,4,1500,750
15:46:41,1405.7400000000002,4,1500,750
15:46:41,1405.7400000000002,4,1500,750
15:46:42,1492.53,4,1500,750
15:46:42,1492.53,4,1500,750
15:46:42,1492.53,4,1500,750
15:46:42,1403.8899999999999,4,1500,750
15:46:42,1486.2400000000002,4,1500,750
15:46:43,1492.53,4,1500,750
15:46:43,1403.8899999999999,4,1500,750
15:46:43,1403.8899999999999,4,1500,750
15:46:43,1486.2400000000002,4,1500,750
15:46:43,1398.3899999999999,4,1500,750
15:46:44,1389.31,4,1500,750
15:46:44,1389.31,4,1500,750
15:46:44,1389.31,4,1500,750
15:46:44,1309.78,4,1500,750
15:46:44,1236.4599999999996,4,1500,750
15:46:45,1168.67,4,1500,750
15:46:45,1168.67,4,1500,750
15:46:45,1236.4599999999996,4,1500,750
15:46:45,1236.4599999999996,4,1500,750
15:46:45,1236.4599999999996,4,1500,750
15:46:46,1309.78,4,1500,750
15:46:46,1236.4599999999996,4,1500,750
15:46:46,1236.4599999999996,4,1500,750
15:46:46,1298.75,4,1500,750
15:46:46,1298.75,4,1500,750
15:46:47,1298.75,4,1500,750
15:46:47,1298.75,4,1500,750
15:46:47,1389.31,4,1500,750
15:46:47,1389.31,4,1500,750
15:46:47,1376.8200000000002,4,1500,750
15:46:48,1475.8899999999999,4,1500,750
15:46:48,1582.3499999999995,4,1500,1500
15:46:48,1486.2400000000002,4,1500,750
15:46:48,1492.53,4,1500,750
15:46:48,1486.2400000000002,4,1500,750
15:46:49,1475.8899999999999,4,1500,750
15:46:49,1687.9399999999996,4,1500,1500
15:46:49,1582.3499999999995,4,1500,1500
15:46:49,1475.8899999999999,4,1500,750
